
@misc{Colas,
  author = {Natividad, Prieto Saez},
  title = {{Colas de Prioridad: Heaps}},
  year = 2014,
  howpublished = "http://users.dsic.upv.es/~nprieto/clases/EDA0203/T8/Heaps.pdf",
  note = "[Online; accessed 19-Febrero-2017]"
}

@misc{Est,
  author = {Antonio, Garrido Carrillo and Joaquín, Fernández Valdivia},
  title = {{Abstracción y estructuras de datos en C++}},
  howpublished = "https://books.google.es",
  year = {2014}, 
  note = "[Online; accessed 19-Febrero-2017]"
}


@misc{Dobles,
  author = {Javier, Torres},
  title = {{Aproximaciones a problemas NP: Duros}},
  howpublished = "http://jitorres.blogspot.com/2011/10/colas.html",
  year = {2016}, 
  note = "[Online; accessed 20-Febrero-2017]"
}

@misc{Exp,
  author = {Gustavo, Carolo},
  title = {{Algoritmos y Programación II – Práctica
Listas, Pilas y Colas}},
  howpublished = https://algo2.files.wordpress.com/2008/08/ayp2_listas_pilas_y_colas.pdf,
  year = {2005}, 
  note = "[Online; accessed 20-Febrero-2017]"
}